<collection xmlns="http://www.loc.gov/MARC21/slim">
<record>
  <leader>00767nam0a22002171i 450 </leader>
  <controlfield tag="001">IT\ICCU\CNCE\050753</controlfield>
  <controlfield tag="005">20011015000000.0</controlfield>
  <datafield tag="100" ind1=" " ind2=" ">
    <subfield code="a">20000408d1517        0itac0103    ba</subfield>
  </datafield>
  <datafield tag="101" ind1=" " ind2=" ">
    <subfield code="a">LAT</subfield>
  </datafield>
  <datafield tag="102" ind1=" " ind2=" ">
    <subfield code="a">IT</subfield>
  </datafield>
  <datafield tag="200" ind1="1" ind2=" ">
    <subfield code="a">De confirmatione christianae fidei</subfield>
  </datafield>
  <datafield tag="210" ind1=" " ind2=" ">
    <subfield code="e">Impressum Brixiae</subfield>
    <subfield code="g">per Bernardinum Misintam Papiensem</subfield>
    <subfield code="h">1517</subfield>
  </datafield>
  <datafield tag="215" ind1=" " ind2=" ">
    <subfield code="a">\6! c.</subfield>
    <subfield code="d">4ʻ</subfield>
  </datafield>
  <datafield tag="300" ind1=" " ind2=" ">
    <subfield code="a">Incunabolo: 1497</subfield>
  </datafield>
  <datafield tag="620" ind1=" " ind2=" ">
    <subfield code="a">IT</subfield>
    <subfield code="d">Brescia</subfield>
  </datafield>
  <datafield tag="700" ind1=" " ind2="1">
    <subfield code="a">Capriolo,</subfield>
    <subfield code="b">Elia</subfield>
    <subfield code="3">IT\ICCU\CNCA\002589</subfield>
  </datafield>
  <datafield tag="712" ind1="0" ind2="0">
    <subfield code="a">Misinta, Bernardino</subfield>
    <subfield code="3">IT\ICCU\CNCT\000916</subfield>
    <subfield code="4">650</subfield>
  </datafield>
  <datafield tag="790" ind1=" " ind2="1">
    <subfield code="a">Cavriolo,</subfield>
    <subfield code="b">Elia</subfield>
    <subfield code="3">IT\ICCU\CNCA\007939</subfield>
    <subfield code="z">Capriolo, Elia</subfield>
  </datafield>
  <datafield tag="791" ind1="0" ind2="0">
    <subfield code="a">Misintis, Bernardinus de</subfield>
    <subfield code="3">IT\ICCU\CNCT\005206</subfield>
    <subfield code="z">Misinta, Bernardino</subfield>
  </datafield>
  <datafield tag="801" ind1=" " ind2="3">
    <subfield code="a">IT</subfield>
    <subfield code="b">ICCU</subfield>
    <subfield code="c">20201115</subfield>
  </datafield>
  <datafield tag="899" ind1=" " ind2=" ">
    <subfield code="a">Biblioteca nazionale Marciana. Venezia</subfield>
    <subfield code="1">VE0049</subfield>
    <subfield code="2">VEA BM</subfield>
  </datafield>
</record>
</collection>
